<record><leader>00000cas a2200000 a 4500</leader><controlfield tag="001">32769663</controlfield><controlfield tag="007">hd bfu---baat</controlfield><controlfield tag="007">hd afu---bact</controlfield><controlfield tag="008">950706d1899190unbuwr nea     0    0eng d</controlfield><datafield ind1=" " ind2=" " tag="010"><subfield code="a">sn 95070099 </subfield></datafield><datafield ind1=" " ind2=" " tag="040"><subfield code="a">NVG</subfield><subfield code="b">eng</subfield><subfield code="c">NVG</subfield><subfield code="d">OCL</subfield><subfield code="d">OCLCQ</subfield><subfield code="d">OCLCF</subfield><subfield code="d">OCLCO</subfield></datafield><datafield ind1="1" ind2=" " tag="029"><subfield code="a">AU@</subfield><subfield code="b">000011783084</subfield></datafield><datafield ind1=" " ind2=" " tag="042"><subfield code="a">msc</subfield></datafield><datafield ind1=" " ind2=" " tag="043"><subfield code="a">n-us-nb</subfield></datafield><datafield ind1="0" ind2="4" tag="245"><subfield code="a">The Ragan news</subfield><subfield code="h">[microform].</subfield></datafield><datafield ind1="1" ind2=" " tag="246"><subfield code="i">Publisher's box title:</subfield><subfield code="a">Ragan weekly news</subfield><subfield code="f">Sept. 21, 1899-&lt;Oct. 30, 1903&gt;</subfield></datafield><datafield ind1=" " ind2=" " tag="260"><subfield code="a">Ragan, Neb. :</subfield><subfield code="b">E.J. Long,</subfield><subfield code="c">1899-</subfield></datafield><datafield ind1=" " ind2=" " tag="300"><subfield code="a">v.</subfield></datafield><datafield ind1=" " ind2=" " tag="310"><subfield code="a">Weekly</subfield></datafield><datafield ind1="0" ind2=" " tag="362"><subfield code="a">[Vol. 7, no. 10] (Sept. 21, 1899)-</subfield></datafield><datafield ind1=" " ind2=" " tag="533"><subfield code="a">Microfilm.</subfield><subfield code="m">1899-1903:[Gaps]</subfield><subfield code="b">Lincoln, Neb. :</subfield><subfield code="c">Nebraska State Historical Society,</subfield><subfield code="d">1979-[1993].</subfield><subfield code="e">3 microfilm reels ; 35 mm.</subfield></datafield><datafield ind1=" " ind2="0" tag="651"><subfield code="a">Ragan (Neb.)</subfield><subfield code="v">Newspapers.</subfield></datafield><datafield ind1=" " ind2="0" tag="651"><subfield code="a">Harlan County (Neb.)</subfield><subfield code="v">Newspapers.</subfield></datafield><datafield ind1=" " ind2="7" tag="655"><subfield code="a">Newspapers.</subfield><subfield code="2">fast</subfield><subfield code="0">(OCoLC)fst01423814</subfield></datafield><datafield ind1=" " ind2="7" tag="651"><subfield code="a">Nebraska</subfield><subfield code="z">Harlan County.</subfield><subfield code="2">fast</subfield><subfield code="0">(OCoLC)fst01212884</subfield></datafield><datafield ind1=" " ind2="7" tag="651"><subfield code="a">Nebraska</subfield><subfield code="z">Ragan.</subfield><subfield code="2">fast</subfield><subfield code="0">(OCoLC)fst01276114</subfield></datafield><datafield ind1=" " ind2=" " tag="752"><subfield code="a">United States</subfield><subfield code="b">Nebraska</subfield><subfield code="c">Harlan</subfield><subfield code="d">Ragan.</subfield></datafield><datafield ind1="0" ind2="0" tag="780"><subfield code="t">Ragan weekly news</subfield><subfield code="w">(DLC)sn 95070098</subfield></datafield></record>